<collection xmlns="http://www.loc.gov/MARC21/slim">
<record>
  <leader>01417nam0a2200229 i 450 </leader>
  <controlfield tag="001">IT\ICCU\CNCE\073997</controlfield>
  <controlfield tag="005">20160224000000.0</controlfield>
  <datafield tag="012" ind1=" " ind2=" ">
    <subfield code="a">roi- reor s,s- pacu (3) 1585 (R)</subfield>
    <subfield code="2">fei</subfield>
  </datafield>
  <datafield tag="100" ind1=" " ind2=" ">
    <subfield code="a">20090521d1585        0itac0103    ba</subfield>
  </datafield>
  <datafield tag="101" ind1=" " ind2=" ">
    <subfield code="a">LAT</subfield>
  </datafield>
  <datafield tag="102" ind1=" " ind2=" ">
    <subfield code="a">DE</subfield>
  </datafield>
  <datafield tag="200" ind1="1" ind2=" ">
    <subfield code="a">Flores caluinistici decerpti ex vita Roberti Dudlei comitis Lecestriae in Anglia; ... Ioannis Caluini, Thomae Cranmeri, Ioannis Knoxij; aliorumque protectorum &amp; apostolorum sectae zwinglianae &amp; caluinianae ... Per Iulium Briegerum diligenter &amp; fideliter collecti ex varijs scriptoribus tam latinis, quam gallicis &amp; italicis</subfield>
  </datafield>
  <datafield tag="210" ind1=" " ind2=" ">
    <subfield code="a">Neapoli</subfield>
    <subfield code="c">apud Ioannem Baptistam Zangarum</subfield>
    <subfield code="d">1585</subfield>
  </datafield>
  <datafield tag="215" ind1=" " ind2=" ">
    <subfield code="a">86, \2! p.</subfield>
    <subfield code="d">8ʻ</subfield>
  </datafield>
  <datafield tag="300" ind1=" " ind2=" ">
    <subfield code="a">Edizione stampata a Colonia da Maternus Cholinus, cfr.: A. F. Allison, The contemporary printed literature of the English Counter-reformation between 1558 e 1640, v. 1, n. 115-116. - Var. A: nel tit.: ... comitis Le/cestriae ... e sul front. data in caratteri romani. - Var. B: nel tit.: ... comitis Lece/striae ... e sul front. data in caratteri corsivi</subfield>
  </datafield>
  <datafield tag="620" ind1=" " ind2=" ">
    <subfield code="a">IT</subfield>
    <subfield code="d">Napoli</subfield>
  </datafield>
  <datafield tag="700" ind1=" " ind2="1">
    <subfield code="a">Brieger,</subfield>
    <subfield code="b">Julius</subfield>
    <subfield code="3">IT\ICCU\CNCA\029050</subfield>
  </datafield>
  <datafield tag="712" ind1="0" ind2="0">
    <subfield code="a">Zangarus, Ioannes Baptista</subfield>
    <subfield code="3">IT\ICCU\CNCT\006307</subfield>
    <subfield code="4">650</subfield>
  </datafield>
  <datafield tag="712" ind1="0" ind2="0">
    <subfield code="a">Cholinus, Maternus</subfield>
    <subfield code="3">IT\ICCU\CNCT\006308</subfield>
    <subfield code="4">650</subfield>
  </datafield>
  <datafield tag="801" ind1=" " ind2="3">
    <subfield code="a">IT</subfield>
    <subfield code="b">ICCU</subfield>
    <subfield code="c">20201115</subfield>
  </datafield>
  <datafield tag="899" ind1=" " ind2=" ">
    <subfield code="a">Biblioteca nazionale universitaria. Torino</subfield>
    <subfield code="z">(Var. B)</subfield>
    <subfield code="1">TO0265</subfield>
    <subfield code="2">TO0 02</subfield>
  </datafield>
  <datafield tag="899" ind1=" " ind2=" ">
    <subfield code="a">British Library. London</subfield>
    <subfield code="1">UK0001</subfield>
  </datafield>
</record>
</collection>
